<record><leader>00000cas a22000007a 4500</leader><controlfield tag="001">11479262</controlfield><controlfield tag="008">841211d18581858inuwr ne      0    0eng d</controlfield><datafield ind1=" " ind2=" " tag="010"><subfield code="a">sn 84045582 </subfield></datafield><datafield ind1=" " ind2=" " tag="040"><subfield code="a">NPI</subfield><subfield code="b">eng</subfield><subfield code="c">NPI</subfield><subfield code="d">OCLCQ</subfield><subfield code="d">UKMGB</subfield></datafield><datafield ind1="7" ind2=" " tag="016"><subfield code="a">013914063</subfield><subfield code="2">Uk</subfield></datafield><datafield ind1="7" ind2=" " tag="016"><subfield code="a">013917903</subfield><subfield code="2">Uk</subfield></datafield><datafield ind1=" " ind2=" " tag="042"><subfield code="a">msc</subfield></datafield><datafield ind1="0" ind2=" " tag="130"><subfield code="a">Republican banner (Lawrenceburg, Ind.)</subfield></datafield><datafield ind1="1" ind2="4" tag="245"><subfield code="a">The Republican banner.</subfield></datafield><datafield ind1=" " ind2=" " tag="260"><subfield code="a">Lawrenceburgh, Ind. :</subfield><subfield code="b">S.A. Martin,</subfield><subfield code="c">1858.</subfield></datafield><datafield ind1=" " ind2=" " tag="300"><subfield code="a">v. :</subfield><subfield code="b">ill. (chiefly advertisements) ;</subfield><subfield code="c">57 cm.</subfield></datafield><datafield ind1=" " ind2=" " tag="310"><subfield code="a">Weekly</subfield></datafield><datafield ind1="1" ind2=" " tag="362"><subfield code="a">Began in Apr., 1858; ceased in Aug., 1858.</subfield></datafield><datafield ind1=" " ind2=" " tag="500"><subfield code="a">"An independent, literary, moral and political newspaper."</subfield></datafield><datafield ind1=" " ind2=" " tag="588"><subfield code="a">Description based on: Vol. 1, no. 12 (July 7, 1858).</subfield></datafield><datafield ind1=" " ind2=" " tag="752"><subfield code="a">United States</subfield><subfield code="b">Indiana</subfield><subfield code="c">Dearborn</subfield><subfield code="d">Lawrenceburg.</subfield></datafield><datafield ind1="0" ind2="0" tag="785"><subfield code="t">Hoosier state</subfield><subfield code="w">(DLC)sn 84045583</subfield></datafield></record>